@article{ACKERMANN2000315,
title = {Wind energy technology and current status: a review},
journal = {Renewable and Sustainable Energy Reviews},
volume = {4},
number = {4},
pages = {315-374},
year = {2000},
issn = {1364-0321},
doi = {https://doi.org/10.1016/S1364-0321(00)00004-6},
url = {https://www.sciencedirect.com/science/article/pii/S1364032100000046},
author = {Thomas Ackermann and Lennart Söder},
abstract = {The paper provides an overview of the historical development of wind energy technology and discusses the current status of grid-connected as well as stand-alone wind power generation worldwide. During the last decade of the 20th century, grid-connected wind capacity worldwide has doubled approximately every three years. Due to the fast market development, wind turbine technology has experienced an important evolution over time. An overview of the different design approaches is given and issues like power grid integration, economics, environmental impact and special system applications, such as offshore wind energy, are discussed. Due to the complexity of the wind energy technology, however, this paper mainly aims at presenting a brief overview of the relevant wind turbine and wind project issues. Therefore, detailed information on further readings and related organisations is included.}
}


@book{Analistas_2014, 
title={El impacto de las energías renovables en los hogares}, 
url={https://archivo-es.greenpeace.org/espana/Global/espana/2014/Report/cambio-climatico/Informe%20ER%20Hogares.pdf}, 
publisher={Greenpeace}, 
author={Analistas, Abay}, 
year={2014} }


@article{Attanayake_Wickramage_Samarasinghe_Ranmini_Ehalapitiya_Jayathilaka_Yapa_2024, title={Renewable energy as a solution to climate change: Insights from a comprehensive study across nations}, 
volume={19}, 
url={https://doi.org/10.1371/journal.pone.0299807}, 
DOI={10.1371/journal.pone.0299807}, 
number={6}, 
journal={Plos One}, 
author={Attanayake, Keshani and Wickramage, Isuru and Samarasinghe, Udul and Ranmini, Yasangi and Ehalapitiya, Sandali and Jayathilaka, Ruwan and Yapa, Shanta}, 
year={2024}, 
month=jun }


@book{Gutiérrez_2015, title={Análisis de Viabilidad Ambiental del Uso de Energías Renovables en Costa Rica: Estudio de Caso de la Energía Eólica, la Hidroeléctrica y la Geotérmica}, 
url={https://www.academia.edu/21058385/An%C3%A1lisis_de_Viabilidad_Ambiental_del_Uso_de_Energ%C3%ADas_Renovables_en_Costa_Rica_Estudio_de_Caso_de_la_Energ%C3%ADa_E%C3%B3lica_la_Hidroel%C3%A9ctrica_y_la_Geot%C3%A9rmica}, 
institution={Academia.edu}, 
author={Gutiérrez, Allan Ricardo Cordero}, 
year={2015} }


@book{Lebedys_Akande_Elhassan_Escamilla_Whiteman_Arkhipova_2021, 
address={Abu Dhabi}, 
title={Renewable Energy Statistics 2021}, 
url={https://www.irena.org/publications/2021/Aug/Renewable-energy-statistics-2021}, 
publisher={The International Renewable Energy Agency}, 
author={Lebedys, Arvydas and Akande, Dennis and Elhassan, Nazik and Escamilla, Gerardo and Whiteman, Adrian and Arkhipova, Iana}, 
year={2021}, 
month=aug }


@article{BatainehMohammadJamal2023Tstr,
issn = {1135-6618},
abstract = {This study explores the scope of social entrepreneurship and examines how social entrepreneurship contributes to sustainable development. Using analysis and relevant comparisons, it identifies main actors in the socialenterprise ecosystem, as well as how the entrepreneurial ecosystem adapts to social enterprises. Additionally, this study reveals how social enterprise applies in the renewable energy domain and identifies its main advantages, as well as major barriers and how to overcome those barriers. Fundamentally, this study’s findings have significant implications, for academics and practitioners in the social field. It highlights the role of social entrepreneurship as a balanced approach for long-run increases in quality of life, and it follows innovative techniques and methods to meet social needs, inherently motivated by ethical factors in equality and social fairness. On the other hand, main challenges that could confront social entrepreneurship include government regulations, problems adopting advanced technology and infrastructure, external competitive threats, limited access to public funds or loans, lack of awareness and acquisition of skills and knowledge, and inadequate knowledge about social impact measurement techniques. This research also illustrates how to adapt Isenberg's model for the entrepreneurial ecosystem in the social enterprises, which shows that the evolution of social enterprises does not occur in a vacuum; rather, the growth of social enterprise ecosystems occurs through interactions and networks with various actors in different fields such as financial politics, law, and academia. Finally, we review the practical applications of social enterprises by highlighting the main benefits of RE social enterprises: energy savings, community awareness, and the creation of favorable social externalities in rural and developing areas.},
journal = {Revesco : Revista de Estudios Cooperativos},
pages = {e85561},
volume = {143},
publisher = {AECOOP Escuela de Estudios Cooperativos},
year = {2023},
title = {Toward sustainability: the role of social entrepreneurship in creating social-economic value in renewable energy social enterprises},
language = {eng},
author = {Bataineh, Mohammad Jamal and Marcuello, Carmen and Sánchez-Sellero, Pedro},
keywords = {Crowdfunding; Eco-entrepreneurship; Sustainability; Financial Resources; Environment; Social Investment ; Ecosystem ; Renewable energy ; Social Enterprises ; Social Entrepreneurship},
}


@article{CasamitjanaCausaMaria2017Er,
issn = {0122-350X},
abstract = {Colombia se encuentra en una ubicación privilegiada a nivel geográfico para poder generar energías renovables al ubicarse en la zona ecuatorial del planeta y adicionalmente cuenta con una gran variedad de climas y ecosistemas, lo que deriva en una gran aptitud para desarrollar energías limpias renovables.},
journal = {Revista CINTEX},
pages = {7--9},
volume = {22},
publisher = {Institucion Universitaria Pascual Bravo},
number = {1},
year = {2017},
title = {Energías renovables},
copyright = {COPYRIGHT 2017 Institucion Universitaria Pascual Bravo},
language = {eng ; spa},
address = {Medellin},
author = {Casamitjana Causa, Maria},
}



@article{doi:10.1080/14615517.2012.660356,
author = {Ana Maria Esteves, Daniel Franks and Frank Vanclay},
title = {Social impact assessment: the state of the art},
journal = {Impact Assessment and Project Appraisal},
volume = {30},
number = {1},
pages = {34--42},
year = {2012},
publisher = {Taylor \& Francis},
doi = {10.1080/14615517.2012.660356},
URL = {https://doi.org/10.1080/14615517.2012.660356}, 
eprint = {https://doi.org/10.1080/14615517.2012.660356},
abstract = { Social impact assessment (SIA) is now conceived as being the process of managing the social issues of development. There is consensus on what ‘good’ SIA practice is – it is participatory; it supports affected peoples, proponents and regulatory agencies; it increases understanding of change and capacities to respond to change; it seeks to avoid and mitigate negative impacts and to enhance positive benefits across the life cycle of developments; and it emphasizes enhancing the lives of vulnerable and disadvantaged people. We analyse the strengths, weaknesses, opportunities and threats facing SIA. We assert that the SIA community needs to revisit core concepts, such as culture, community, power, human rights, gender, justice, place, resilience and sustainable livelihoods. It is incumbent on SIA practitioners to educate proponents, regulators and colleagues about these concepts, and to embed them into practice norms. Stronger engagement with the emerging trends of free, prior and informed consent (FPIC); human rights impact assessment; social performance standards; supply chain management; governance; local content and economic development will improve the relevance and demonstrable value of SIA to all stakeholders. }
}



@article{CaraballoPouMaríaÁngeles2017Eryd,
issn = {0041-3011},
abstract = {Antecedentes: Este trabajo evalúa la sostenibilidad del modelo de desarrollo económico español en el periodo 1980-2010. Asimismo, realiza un análisis comparativo con las grandes economías europeas: Alemania, Francia, Italia y Reino Unido. Metodología: Para alcanzar el objetivo del trabajo se han empleado técnicas de cointegración. Mediante estas técnicas se analiza la relación a largo plazo del consumo de energías renovables y no renovables con el desarrollo económico y la contaminación en el periodo 1980-2010. Tras un proceso de selección de variables, para España se ha utilizado el Producto Interno Bruto (PIB) y la Formación Bruta de Capital, para medir el crecimiento, el Índice de Desarrollo Humano y el Capital Social, para el desarrollo, las emisiones de CO2 para la contaminación, el consumo de energía renovable en el sistema eléctrico y el consumo de petróleo para el consumo de energía renovable y no renovable, respectivamente. En segundo lugar, se han comparado los resultados obtenidos para la economía española con las cuatro economías más grandes de la Unión Europea: Alemania, Francia, Italia y Reino Unido. Dada la disponibilidad de datos, para estos países se ha excluido del análisis la Formación Bruta de Capital y el Índice de Desarrollo Humano.Resultados: En primer lugar, para los cinco países analizados se comprueba un impacto positivo del consumo de energía renovable y no renovable sobre el crecimiento y el desarrollo, con un impacto mayor de las energías no renovables. Para los tres países en los que se han incluido las emisiones de CO2 (España, Francia y Reino Unido), el efecto reductor de las renovables sobre las emisiones de CO2 es menor que el efecto contaminante de las no renovables. En segundo lugar, para España, Alemania y Francia se aprecia un proceso de retroalimentación entre el consumo de no renovables, el crecimiento y el desarrollo, que no se observa con el consumo de energía renovable. Conclusiones: Para conciliar el objetivo de crecimiento con el de reducción de la contaminación se precisan tasas de crecimiento más moderadas. El modelo de crecimiento de los países analizados estimula el consumo de energía no renovable, pero no el de las renovables. Esto apunta hacía la necesidad de diseñar políticas que estimulen la sustitución de energía no renovable por renovable. },
journal = {Trimestre económico},
pages = {571--609},
volume = {84},
publisher = {Fondo de Cultura Económica},
number = {335},
year = {2017},
title = {Energías renovables y desarrollo económico. Un análisis para españa y las grandes economías Europeas},
copyright = {Copyright 2017 Elsevier B.V., All rights reserved.},
language = {spa ; eng},
address = {Tlalpan},
author = {Caraballo Pou, María Ángeles and Simón, Juana María García},
keywords = {Alternative energy ; Capital formation ; Carbon dioxide ; Comparative analysis ; Consumption ; desarrollo económico ; Economic development ; Electricity ; Energy ; Energy consumption ; energía no renovable ; energía renovable ; Growth models ; Human development ; Impact analysis ; Non-renewable energy ; Petroleum ; Pollution ; Renewable energy ; Renewable resources ; Social capital ; Social development ; sostenibilidad ; Sustainability},
}


@misc{RequejoLiberalJuan2012Er:u,
year = {2012},
title = {Energía renovable : un nuevo principio de autosuficiencia conectada},
language = {spa},
author = {Requejo Liberal, Juan},
keywords = {RECURSOS ENERGETICOS RENOVABLES; GENERACION DE ENERGIA; ENERGIA ELECTRICA},
}


@misc{SerranoJavier2022Hufc,
issn = {0001-7655},
abstract = {"Es una función habilitadora: por ejemplo, convertimos la electricidad que genera un panel solar en energía que pueda volcarse a la red de distribución." "Sin embargo, sí se pueden poner en marcha proyectos muy interesantes en el caso de las llamadas comunidades energéticas. Y en este punto entran en juego "las redes inteligentes, que utilizan algoritmia predictiva, inteligencia artificial, mayor conectividad de los equipos…},
journal = {Actualidad Economica (Madrid, Spain)},
pages = {12},
publisher = {Unidad Editorial Revistas, S.L.U},
year = {2022},
title = {Hacia un futuro con energía limpia y renovable},
copyright = {Copyright Unidad Editorial Revistas, S.L.U. Apr 24, 2022},
language = {spa},
address = {Madrid},
author = {Serrano, Javier},
}



@article{JuanCarlosVegaDeKuyper2014Fder,
issn = {0120-8160},
journal = {Revista Escuela de Administración de Negocios},
pages = {216--218},
publisher = {Universidad Ean},
number = {77},
year = {2014},
title = {Fuentes de energía renovables y no renovables. Aplicaciones},
language = {spa},
author = {Juan Carlos Vega De Kuyper},
}



@misc{Nations, title={What is renewable energy?}, 
url={https://www.un.org/en/climatechange/what-is-renewable-energy}, 
author={Nations, United} }

